<?xml version="1.0" encoding="UTF-8"?><collection xmlns="http://www.loc.gov/MARC21/slim"><record><leader>00394nam--2200169-u-4500</leader><controlfield tag="001">000051181</controlfield><controlfield tag="002">20161230</controlfield><controlfield tag="005">20170108225842</controlfield><controlfield tag="008">080528s1000------------r-----000-0-eng-d</controlfield><datafield ind1=" " ind2=" " tag="040"><subfield code="a">IFIN-HH</subfield></datafield><datafield ind1=" " ind2=" " tag="080"><subfield code="a">514.8</subfield></datafield><datafield ind1="1" ind2=" " tag="100"><subfield code="a">Giiemin, V</subfield></datafield><datafield ind1="1" ind2="0" tag="245"><subfield code="a">Geometricheskie Asimptotiki</subfield></datafield><datafield ind1=" " ind2=" " tag="260"><subfield code="a">Moskva</subfield><subfield code="b">Mir</subfield><subfield code="c">1981</subfield></datafield><datafield ind1=" " ind2=" " tag="700"><subfield code="a">Sternberg, S</subfield></datafield><datafield ind1=" " ind2=" " tag="852"><subfield code="a">70049</subfield><subfield code="c">513</subfield></datafield><datafield ind1=" " ind2=" " tag="CAT"><subfield code="a">SYS</subfield><subfield code="c">20170108</subfield><subfield code="h">225842</subfield></datafield></record></collection>